@article{sasaki2007,
  title={The truth of the F-measure},
  author={Sasaki, Yutaka and others},
  journal={Teach Tutor mater},
  volume={1},
  number={5},
  pages={1--5},
  year={2007}
}

@article{liaw2002,
  title={Classification and regression by randomForest},
  author={Liaw, Andy and Wiener, Matthew and others},
  journal={R news},
  volume={2},
  number={3},
  pages={18--22},
  year={2002}
}

@article{cheema2014,
  title={Some general guidelines for choosing missing data handling methods in educational research},
  author={Cheema, Jehanzeb R},
  journal={Journal of Modern Applied Statistical Methods},
  volume={13},
  number={2},
  pages={3},
  year={2014}
}

@manual{langR,
    title = {R: A Language and Environment for Statistical Computing},
    author = {{R Core Team}},
    organization = {R Foundation for Statistical Computing},
    address = {Vienna, Austria},
    year = {2019},
    url = {https://www.R-project.org/},
}
  
@article{packmice,
    title = {{mice}: Multivariate Imputation by Chained Equations in R},
    author = {Stef {van Buuren} and Karin Groothuis-Oudshoorn},
    journal = {Journal of Statistical Software},
    year = {2011},
    volume = {45},
    number = {3},
    pages = {1-67},
    url = {https://www.jstatsoft.org/v45/i03/},
}
  
@book{packggplot2,
    author = {Hadley Wickham},
    title = {ggplot2: Elegant Graphics for Data Analysis},
    publisher = {Springer-Verlag New York},
    year = {2016},
    isbn = {978-3-319-24277-4},
    url = {https://ggplot2.tidyverse.org},
}

@manual{packfarff,
    title = {farff: A Faster 'ARFF' File Reader and Writer},
    author = {Bernd Bischl and Jakob Bossek},
    year = {2019},
    note = {R package version 1.1},
    url = {https://CRAN.R-project.org/package=farff},
}

